%Articles
@article{Bouchaud_2004,
   title={Fluctuations and response in financial markets: the subtle nature of “random”
          price changes},
   volume={4},
   ISSN={1469-7696},
   url={http://dx.doi.org/10.1080/14697680400000022},
   DOI={10.1080/14697680400000022},
   number={2},
   journal={Quantitative Finance},
   publisher={Informa UK Limited},
   author={Bouchaud, Jean-Philippe and Gefen, Yuval and Potters, Marc and Wyart, Matthieu},
   year={2004},
   month={Apr},
   pages={176–190}
}

@article{Wang_2016_cross,
   title={Cross-response in correlated financial markets: individual stocks},
   volume={89},
   ISSN={1434-6036},
   url={http://dx.doi.org/10.1140/epjb/e2016-60818-y},
   DOI={10.1140/epjb/e2016-60818-y},
   number={4},
   journal={The European Physical Journal B},
   publisher={Springer Science and Business Media LLC},
   author={Wang, Shanshan and Schäfer, Rudi and Guhr, Thomas},
   year={2016},
   month={Apr}
}

@Article{Wang_2016_avg,
    author="Wang, Shanshan and Sch{\"a}fer, Rudi and Guhr, Thomas",
    title="Average cross-responses in correlated financial markets",
    journal="The European Physical Journal B",
    year="2016",
    month="Sep",
    day="26",
    volume="89",
    number="9",
    pages="207",
    issn="1434-6036",
    doi="10.1140/epjb/e2016-70137-0",
    url="https://doi.org/10.1140/epjb/e2016-70137-0"
}

@article{Wang_2018_a,
	author = "Wang, Shanshan and Neus{\"u}{\ss}, Sebastian and Guhr, Thomas",
	day = "30",
	doi = "10.1140/epjb/e2018-80665-0",
	issn = "1434-6036",
	journal = "The European Physical Journal B",
	month = "Aug",
	number = "8",
	pages = "191",
	title = "{Statistical properties of market collective responses}",
	url = "https://doi.org/10.1140/epjb/e2018-80665-0",
	volume = "91",
	year = "2018"
}

@Article{Wang_2018_b,
    author="Wang, Shanshan and Neus{\"u}{\ss}, Sebastian and Guhr, Thomas",
    title="Grasping asymmetric information in price impacts",
    journal="The European Physical Journal B",
    year="2018",
    month="Nov",
    day="01",
    volume="91",
    number="11",
    pages="266",
    issn="1434-6036",
    doi="10.1140/epjb/e2018-80599-5",
    url="https://doi.org/10.1140/epjb/e2018-80599-5"
}

@article{trades_classification,
    author = {Lee, Charles M. C. and Ready, Mark J.},
    title = {Inferring Trade Direction from Intraday Data},
    journal = {The Journal of Finance},
    volume = {46},
    number = {2},
    pages = {733-746},
    doi = {10.1111/j.1540-6261.1991.tb02683.x},
    url = {https://onlinelibrary.wiley.com/doi/abs/10.1111/j.1540-6261.1991.tb02683.x},
    eprint = {https://onlinelibrary.wiley.com/doi/pdf/10.1111/j.1540-6261.1991.tb02683.x},
    year = {1991}
}

@article{empirical_facts,
    author = {Chakraborti, Anirban and Toke, Ioane and Patriarca, Marco and Abergel, Frédéric},
    year = {2009},
    month = {09},
    pages = {},
    title = {Econophysics: Empirical facts and agent-based models},
    journal = {arXiv.org, Quantitative Finance Papers}
}

@article{large_prices_changes,
    author = {J.   Doyne Farmer and  László   Gillemot  and  Fabrizio   Lillo  and  Szabolcs
              Mike  and  Anindya   Sen },
    title = {What really causes large price changes?},
    journal = {Quantitative Finance},
    volume = {4},
    number = {4},
    pages = {383-397},
    year  = {2004},
    publisher = {Routledge},
    doi = {10.1080/14697680400008627},
    URL = {https://doi.org/10.1080/14697680400008627},
    eprint = {https://doi.org/10.1080/14697680400008627}
}

@article{subtle_nature,
    author = {Bouchaud,Jean-Philippe},
    title = {The subtle nature of financial random walks},
    journal = {Chaos: An Interdisciplinary Journal of Nonlinear Science},
    volume = {15},
    number = {2},
    pages = {026104},
    year = {2005},
    doi = {10.1063/1.1889265},
    URL = {https://doi.org/10.1063/1.1889265},
    eprint = {https://doi.org/10.1063/1.1889265}
}

%===================================================================================================
%Books
@book{latexcompanion,
    author    = "Michel Goossens and Frank Mittelbach and Alexander Samarin",
    title     = "The \LaTeX\ Companion",
    year      = "1993",
    publisher = "Addison-Wesley",
    address   = "Reading, Massachusetts"
}

%===================================================================================================
%Doesn't fit in any other type
@misc{knuthwebsite,
    author    = "Donald Knuth",
    title     = "Knuth: Computers and Typesetting",
    url       = "http://www-cs-faculty.stanford.edu/\~{}uno/abcde.html"
}
